@article{Zawilska2013,
author = {Zawilska, Jolanta B. and Wojcieszak, Jakub and Olejniczak, Agnieszka B.},
title = {Prodrugs: A challenge for the drug development},
journal = {Pharmacological Reports},
volume = {65},
number = {1},
pages = {1--14},
year = {2013},
doi = {10.1016/S1734-1140(13)70959-9}
}
