@article{Zawilska2013,
author = {Zawilska, Jolanta B. and Wojcieszak, Jakub and Olejniczak, Agnieszka B.},
title = {Prodrugs: A challenge for the drug development},
journal = {Pharmacological Reports},
volume = {65},
number = {1},
pages = {1--14},
year = {2013},
doi = {10.1016/S1734-1140(13)70959-9}
}

@article{Nayaka2024,
title = {Synthesis, characterization of new electrochemical activated sulfadiazine azo dyes and its theoretical studies with LFPs, antioxidant application},
author = {Maruthi Nayaka T.H and Itte Pushpavathi and Vishwanath R.S. and Kumar Swamy B.E. and Upendranath K. and Ashoka G.B.},
journal = {Materials Science and Engineering: B},
volume = {305},
pages = {117400},
year = {2024},
issn = {0921-5107},
doi = {https://doi.org/10.1016/j.mseb.2024.117400}
}

@article{Josephy2023,
title = {Reductive metabolism of azo dyes and drugs: Toxicological implications},
author = {P. David Josephy and Emma Allen-Vercoe},
journal = {Food and Chemical Toxicology},
volume = {178},
pages = {113932},
year = {2023},
issn = {0278-6915},
doi = {https://doi.org/10.1016/j.fct.2023.113932}
}

@online{Dihydropteroatesynthase,
    title        = {{EMBL-EBI} {M}echanism and {C}atalytic {S}ite {A}tlas {D}ihydropteroate synthase},
    year         = {2025},
    url          = {https://www.ebi.ac.uk/thornton-srv/m-csa/entry/394/},
    note         = {Accessed: 2025-05-01}
}

@article{sulfonamide,
    author = {Ovung A. and Bhattacharyya J.},
    title = {Sulfonamide drugs: structure, antibacterial property, toxicity, and biophysical interactions},
    journal = {Biophys Rev.},
    year = {2021},
    volume = {13(2)},
    pages = {259-272},
    doi = {https://doi.org/10.1007/s12551-021-00795-9}
}
