@online{Dihydropteroatesynthase,
    title        = {{EMBL-EBI} {M}echanism and {C}atalytic {S}ite {A}tlas {D}ihydropteroate synthase},
    year         = {2025},
    url          = {https://www.ebi.ac.uk/thornton-srv/m-csa/entry/394/},
    note         = {Accessed: 2025-05-01}
}

@article{ABET2017810,
    title = {Prodrug approach: An overview of recent cases},
    journal = {European Journal of Medicinal Chemistry},
    volume = {127},
    pages = {810-827},
    year = {2017},
    issn = {0223-5234},
    doi = {https://doi.org/10.1016/j.ejmech.2016.10.061},
    url = {https://www.sciencedirect.com/science/article/pii/S0223523416309321},
    author = {Abet V. and Filace F. and Recio J. and Alvarez-Builla J. and Burgos C.},
    keywords = {Prodrug, Carrier-linked prodrug, Bioprecursors},
    abstract = {In this review we highlight the most modern trends in the prodrug strategy. In drug research and development, the prodrug concept has found a number of useful applications. Selected examples of this approach are provided in this paper and they are classified according to the aim of their design.}
}

@article{sulfonamide,
    author = {Ovung A. and Bhattacharyya J.},
    title = {Sulfonamide drugs: structure, antibacterial property, toxicity, and biophysical interactions},
    journal = {Biophys Rev.},
    year = {2021},
    volume = {13(2)},
    pages = {259-272},
    doi = {https://doi.org/10.1007/s12551-021-00795-9}
}

@article{receptor,
    author = {Salahudeen M. S. and Nishtala P. S.},
    title = {An overview of pharmacodynamic modelling, ligand-binding approach and its application in clinical practice},
    journal = {Saudi Pharm J},
    year = {2017},
    volume = {25(2)},
    pages = {165-175},
    doi = {https://doi.org/10.1016/j.jsps.2016.07.002}
}
